@article{beed2020hybrid,
  title={A hybrid multi-objective tour route optimization algorithm based on particle swarm optimization and artificial bee colony optimization},
  author={Beed, Romit and Roy, Arindam and Sarkar, Sunita and Bhattacharya, Durba},
  journal={Computational Intelligence},
  year={2020},
  publisher={Wiley Online Library}
}

@article{dunlap2016foraging,
  title={Foraging bumble bees weigh the reliability of personal and social information},
  author={Dunlap, Aimee S and Nielsen, Matthew E and Dornhaus, Anna and Papaj, Daniel R},
  journal={Current Biology},
  volume={26},
  number={9},
  pages={1195--1199},
  year={2016},
  publisher={Elsevier}
}

@article{balfour1897life,
  title={Life history of an Aghori Fakir; with exhibition of the human skull used by him as a drinking vessel, and notes on the similar use of skulls by other races},
  author={Balfour, Henry},
  journal={The Journal of the Anthropological Institute of Great Britain and Ireland},
  volume={26},
  pages={340--357},
  year={1897},
  publisher={JSTOR}
}

@article{daher2017data,
  title={Data-driven development in the smart city: Generative design for refugee camps in Luxembourg},
  author={Daher, Elie and Kubicki, Sylvain and Guerriero, Annie},
  journal={Entrepreneurship and Sustainability Issues},
  volume={4},
  number={3},
  pages={364},
  year={2017}
}

@article{dalwadi2015understanding,
  title={Understanding how porosity gradients can make a better filter using homogenization theory},
  author={Dalwadi, Mohit P and Griffiths, Ian M and Bruna, Maria},
  journal={Proceedings of the Royal Society A: Mathematical, Physical and Engineering Sciences},
  volume={471},
  number={2182},
  pages={20150464},
  year={2015},
  publisher={The Royal Society Publishing}
}

@article{yelmen2021creating,
  title={Creating artificial human genomes using generative neural networks},
  author={Yelmen, Burak and Decelle, Aur{\'e}lien and Ongaro, Linda and Marnetto, Davide and Tallec, Corentin and Montinaro, Francesco and Furtlehner, Cyril and Pagani, Luca and Jay, Flora},
  journal={PLoS genetics},
  volume={17},
  number={2},
  pages={e1009303},
  year={2021},
  publisher={Public Library of Science San Francisco, CA USA}
}


@article{jiang2021generative,
  title={Generative Design of Bionic Structures Via Concurrent Multiscale Topology Optimization and Conformal Geometry Method},
  author={Jiang, Long and Gu, Xianfeng David and Chen, Shikui},
  journal={Journal of Mechanical Design},
  volume={143},
  number={1},
  year={2021},
  publisher={American Society of Mechanical Engineers Digital Collection}
}

@inproceedings{li2021part,
  title={Part-Aware Product Design Agent Using Deep Generative Network and Local Linear Embedding},
  author={Li, Xingang and Xie, Charles and Sha, Zhenghui},
  booktitle={Proceedings of the 54th Hawaii International Conference on System Sciences},
  pages={5250},
  year={2021}
}


@article{nobari2021creativegan,
  title={Creativegan: editing generative adversarial networks for creative design synthesis},
  author={Nobari, Amin Heyrani and Rashad, Muhammad Fathy and Ahmed, Faez},
  journal={arXiv preprint arXiv:2103.06242},
  year={2021}
}

@article{he2021exploiting,
  title={Exploiting Generative Design for 3D Printing of Bacterial Biofilm Resistant Composite Devices},
  author={He, Yinfeng and Abdi, Meisam and Trindade, Gustavo F and Begines, Bel{\'e}n and Dubern, Jean-Fr{\'e}d{\'e}ric and Prina, Elisabetta and Hook, Andrew L and Choong, Gabriel YH and Ledesma, Javier and Tuck, Christopher J and others},
  journal={Advanced Science},
  pages={2100249},
  year={2021},
  publisher={Wiley Online Library}
}
<<<<<<< HEAD


@article{cahan2021computational,
  title={Computational stem cell biology: open questions and guiding principles},
  author={Cahan, Patrick and Cacchiarelli, Davide and Dunn, Sara-Jane and Hemberg, Martin and de Sousa Lopes, Susana M Chuva and Morris, Samantha A and Rackham, Owen JL and Del Sol, Antonio and Wells, Christine A},
  journal={Cell stem cell},
  volume={28},
  number={1},
  pages={20--32},
  year={2021},
  publisher={Elsevier}
=======
>>>>>>> 8b931729eec1265520ed51fb246653d5eb6ceaf9
