@article{beed2020hybrid,
  title={A hybrid multi-objective tour route optimization algorithm based on particle swarm optimization and artificial bee colony optimization},
  author={Beed, Romit and Roy, Arindam and Sarkar, Sunita and Bhattacharya, Durba},
  journal={Computational Intelligence},
  year={2020},
  publisher={Wiley Online Library}
}
